<record><leader>00000cas a2200000 a 4500</leader><controlfield tag="001">18511377</controlfield><controlfield tag="008">880921c19759999pauwr ne      0    0eng c</controlfield><datafield ind1=" " ind2=" " tag="010"><subfield code="a">sn 91074540 </subfield></datafield><datafield ind1=" " ind2=" " tag="040"><subfield code="a">KSB</subfield><subfield code="b">eng</subfield><subfield code="c">KSB</subfield><subfield code="d">ONP</subfield><subfield code="d">OCLCQ</subfield><subfield code="d">UPM</subfield><subfield code="d">OCLCQ</subfield><subfield code="d">OCLCA</subfield><subfield code="d">OCLCF</subfield></datafield><datafield ind1=" " ind2=" " tag="019"><subfield code="a">15714037</subfield></datafield><datafield ind1="1" ind2=" " tag="029"><subfield code="a">AU@</subfield><subfield code="b">000025488374</subfield></datafield><datafield ind1=" " ind2=" " tag="037"><subfield code="b">Die Botschaft, 420 Weaver Road, Millersburg, Pa., 17061</subfield></datafield><datafield ind1=" " ind2=" " tag="042"><subfield code="a">pcc</subfield></datafield><datafield ind1=" " ind2=" " tag="043"><subfield code="a">n-us-oh</subfield><subfield code="a">n-us-pa</subfield></datafield><datafield ind1="0" ind2=" " tag="130"><subfield code="a">Botschaft (Sugarcreek, Ohio : 1975)</subfield></datafield><datafield ind1="1" ind2="4" tag="245"><subfield code="a">Die Botschaft.</subfield></datafield><datafield ind1=" " ind2=" " tag="260"><subfield code="a">Sugarcreek, Ohio :</subfield><subfield code="b">Sugarcreek Budget Pub.,</subfield><subfield code="c">1975-</subfield></datafield><datafield ind1=" " ind2=" " tag="300"><subfield code="a">v. :</subfield><subfield code="b">ill. ;</subfield><subfield code="c">44 cm.</subfield></datafield><datafield ind1=" " ind2=" " tag="310"><subfield code="a">Weekly</subfield></datafield><datafield ind1="0" ind2=" " tag="362"><subfield code="a">Vol. 1, no. 1 (June 5, 1975)-</subfield></datafield><datafield ind1=" " ind2=" " tag="500"><subfield code="a">Published in Sugarcreek, Ohio, June 5, 1975-July 8, 1976; in Lancaster, Pa., by Brookshire Publications July 15, 1976-&lt;2005&gt;; in Millersburg, Pa. by Elam Lapp, &lt;2005-&gt;.</subfield></datafield><datafield ind1=" " ind2=" " tag="500"><subfield code="a">"Approved by the Old Order Amish Steering Committee."</subfield></datafield><datafield ind1=" " ind2=" " tag="515"><subfield code="a">Vol. numbering irregular: v. 6 repeated; issues for 1983-84 called v. 7 and v. 8.</subfield></datafield><datafield ind1="8" ind2=" " tag="521"><subfield code="a">"A weekly newspaper serving Old Order Amish communities everywhere."</subfield></datafield><datafield ind1=" " ind2=" " tag="588"><subfield code="a">Latest issue consulted: Vol. 34, no. 33 (Feb. 2, 2009) (surrogate).</subfield></datafield><datafield ind1=" " ind2="0" tag="650"><subfield code="a">Amish Mennonites</subfield><subfield code="v">Newspapers.</subfield></datafield><datafield ind1=" " ind2="0" tag="650"><subfield code="a">Amish</subfield><subfield code="v">Newspapers.</subfield></datafield><datafield ind1=" " ind2="0" tag="650"><subfield code="a">Amish</subfield><subfield code="z">Ohio</subfield><subfield code="v">Newspapers.</subfield></datafield><datafield ind1=" " ind2="0" tag="650"><subfield code="a">Mennonites</subfield><subfield code="z">Ohio</subfield><subfield code="v">Newspapers.</subfield></datafield><datafield ind1=" " ind2="0" tag="650"><subfield code="a">Amish</subfield><subfield code="z">Pennsylvania</subfield><subfield code="v">Newspapers.</subfield></datafield><datafield ind1=" " ind2="0" tag="650"><subfield code="a">Mennonites</subfield><subfield code="z">Pennsylvania</subfield><subfield code="v">Newspapers.</subfield></datafield><datafield ind1=" " ind2="7" tag="655"><subfield code="a">Newspapers.</subfield><subfield code="2">fast</subfield><subfield code="0">(OCoLC)fst01423814</subfield></datafield><datafield ind1=" " ind2="7" tag="650"><subfield code="a">Amish.</subfield><subfield code="2">fast</subfield><subfield code="0">(OCoLC)fst00807678</subfield></datafield><datafield ind1=" " ind2="7" tag="650"><subfield code="a">Amish Mennonites.</subfield><subfield code="2">fast</subfield><subfield code="0">(OCoLC)fst00807698</subfield></datafield><datafield ind1=" " ind2="7" tag="650"><subfield code="a">Mennonites.</subfield><subfield code="2">fast</subfield><subfield code="0">(OCoLC)fst01016181</subfield></datafield><datafield ind1=" " ind2="7" tag="651"><subfield code="a">Ohio.</subfield><subfield code="2">fast</subfield><subfield code="0">(OCoLC)fst01205075</subfield></datafield><datafield ind1=" " ind2="7" tag="651"><subfield code="a">Pennsylvania.</subfield><subfield code="2">fast</subfield><subfield code="0">(OCoLC)fst01204598</subfield></datafield><datafield ind1=" " ind2=" " tag="752"><subfield code="a">United States</subfield><subfield code="b">Ohio</subfield><subfield code="c">Tuscarawas</subfield><subfield code="d">Sugarcreek.</subfield></datafield><datafield ind1=" " ind2=" " tag="752"><subfield code="a">United States</subfield><subfield code="b">Pennsylvania</subfield><subfield code="c">Lancaster</subfield><subfield code="d">Lancaster.</subfield></datafield><datafield ind1=" " ind2=" " tag="752"><subfield code="a">United States</subfield><subfield code="b">Pennsylvania</subfield><subfield code="c">Dauphin</subfield><subfield code="d">Millersburg.</subfield></datafield></record>